@string{AAC = "Astron. Comp."}
@string{AAP = "Astron. Astrophys."}
@string{AAPS = "Astron. Astrophys. Suppl. Ser."}
@string{AJ = "Astron. J."}
@string{ApJ = "Astrophys. J."}
@string{ApJS = "Astrophys. J., Suppl. Ser."}
@string{ASPCS = "Astron. Soc. Pac. Conf. Ser."},
@string{MNRAS = "Mon. Not. R. Astron. Soc."}
@string{Nat = "Nature"}
@string{PoS = "Proc. Sci."}
@string{PASP = "Publ. Astron. Soc. Pac."}
@string{SPIE = "SPIE Conf. Ser."}

@TechReport{Allan:2009,
   author = {{Allan}, A. and {Denny}, R.~B.},
    title = "{VOEvent Transport Protocol, Version 1.1}",
institution = "{International Virtual Observatory Alliance}",
     year = 2009,
    month = aug,
     type = "{Note}"
}

@TechReport{Bray:2008,
  author = {Bray, T. and others},
   title = "{Extensible Markup Language (XML) 1.0 (Fifth Edition)}",
    year = 2008,
institution = "{World Wide Web Consortium}"
}

@InProceedings{Fender:2006,
   author = {Fender, R.P. and others},
booktitle = "{Proceedings of the VI Microquasar Workshop: Microquasars and Beyond}",
    title = "{The LOFAR Transients Key Project}",
     year = 2006,
     note = "PoS(MQW6)014"
}

@TechReport{Gau:2012,
  author = {Gau, S. and others},
   title = "{W3C XML Schema Definition Language 1.1 Part 1: Structures}",
    year = 2012,
institution = "{World Wide Web Consortium}"
}

@Article{vanHaarlem:2013,
   author = {{van Haarlem}, M.~P. and others},
    title = "{LOFAR: The LOw-Frequency ARray}",
  journal = AAP,
     year = 2013,
    month = aug,
   volume = 556,
    pages = {A2},
      doi = {10.1051/0004-6361/201219154}
}

@TechReport{Peterson:2012,
  author = {Peterson, D. and others},
   title = "{W3C XML Schema Definition Language 1.1 Part 2: Datatypes}",
    year = 2012,
institution = "{World Wide Web Consortium}"
}

@TechReport{Seaman:2011,
   author = {{Seaman}, R. and others},
    title = "Sky Event Reporting Metadata, Version 2.0",
institution = "{International Virtual Observatory Alliance}",
     year = 2011,
    month = jul,
     type = "{Recommendation}"
}

@Article{Staley:2013,
  author = {Staley, T.~D. and Titterington, D.~J. and Fender, R.~P. and
            Swinbank, J.~D. and van~der~Horst, A.~J. and Rowlinson, A. and
            Scaife, A.~M.~M. and Grainge, K.~J.~B. and Pooley, G.~G.},
   title = "{Automated rapid follow-up of Swift gamma-ray burst alerts at 15\,GHz
            with the AMI Large Array}",
 journal = MNRAS,
    year = 2013,
  volume = {428},
   pages = {3114--3120},
}

@InProceedings{Williams:2012,
   author = {{Williams}, R.~D. and {Barthelmy}, S.~D. and {Denny}, R.~B. and
             {Graham}, M.~J. and {Swinbank}, J.},
    title = "{Responding to the Event Deluge}",
     year = 2012,
   series = SPIE,
   volume = 8448,
    month = sep,
}
