@string{AAC = "Astron. Comp."}
@string{AAP = "Astron. Astrophys."}
@string{AAPS = "Astron. Astrophys. Suppl. Ser."}
@string{AJ = "Astron. J."}
@string{AN = "Astron. Nachr."}
@string{ApJ = "Astrophys. J."}
@string{ApJS = "Astrophys. J., Suppl. Ser."}
@string{ASPCS = "Astron. Soc. Pac. Conf. Ser."},
@string{MNRAS = "Mon. Not. R. Astron. Soc."}
@string{Nat = "Nature"}
@string{PoS = "Proc. Sci."}
@string{PASP = "Publ. Astron. Soc. Pac."}
@string{Sci = "Science"}
@string{SPIE = "SPIE Conf. Ser."}

@TechReport{Allan:2009,
  author = {{Allan}, A. and {Denny}, R.~B.},
  title = "{VOEvent Transport Protocol, Version 1.1}",
  institution = "{International Virtual Observatory Alliance}",
  year = 2009,
  month = aug,
  type = "{Note}"
}

@Article{Allen:2008,
  author = {{Allen}, S.~L.},
  title = "{VOEvent authentication via XML digital signature}",
  journal = AN,
  year = 2008,
  month = mar,
  volume = 329,
  pages = {298--300},
}

@Manual{DBM:1979,
  author = "{AT\&T}",
  title = "{Unix Programmer's Manual, Seventh Edition, Volume 1}",
  year = 1979
}

@TechReport{Bartel:2008,
  author = {Bartel, M. and Boyer, J. and Fox, B. and LaMacchia, B. and Simon, E.},
  editor = {Eastlake, D. and Reagle, J. and Solo, D. and Hirsch, F. and Roessler, T.},
  title = "{XML Signature Syntax and Processing (Second Edition)}",
  year = 2008,
  institution = "{World Wide Web Consortium}",
  type = "{Recommendation}"
}

@TechReport{Bray:2008,
  author = {Bray, T. and others},
  title = "{Extensible Markup Language (XML) 1.0 (Fifth Edition)}",
  year = 2008,
  institution = "{World Wide Web Consortium}",
  type = "{Recommendation}"
}

@TechReport{Callas:2007,
  author = {Callas, J. and Donnerhacke, L. and Finney, H. and Shaw, D. and Thayer, R. },
  title = "{OpenPGP Message Format}",
  institution = "{Internet Engineering Task Force}",
  year = 2007,
  type = "{Request for Comments}",
  number = 4880
}

@Article{Cerf:1974,
  author = {Cert, V.~G. and Kahn, R.~E.},
  title = "{A protocol for packet network intercommuncation}",
  journal = "{IEEE Transactions on Communications}",
  year = 1974,
  volume = 22,
  pages = {637--648}
}

@Manual{CERT:1996,
  author = "{Computer Emergency Response Team}",
  title = "{TCP SYN Flooding and IP Spoofing Attacks}",
  year = 1996,
  note = {CA-1996-21},
}

@TechReport{Clark:1999,
  author = {Clark, J. and DeRose, S.},
  title = "{XML Path Language (XPath), Version 1.0}",
  year = 1999,
  institution = "{World Wide Web Consortium}",
  type = "{Recommendation}"
}

@TechReport{Denny:2008,
  author = {Denny, R.~B.},
  title = "{A proposal for digital signatures in VOEvent messages}",
  institution = "{International Virtual Observatory Alliance}",
  year = 2008,
  month = may,
  type= "{Note}"
}

@TechReport{Dierks:2008,
  author = {Dierks, T. and Rescorla, E.},
  title = "{The Transport Layer Security (TLS) Protocol, Version 1.2}",
  institution = "{Internet Engineering Task Force}",
  year = 2008,
  type = "{Request for Comments}",
  number = 5246
}


@TechReport{Eastlake:2001,
  author = {Eastlake, 3rd, D. and Jones, P.},
  title = "{US Secure Hash Algorithm 1 (SHA1)}",
  institution = "{Internet Engineering Task Force}",
  year = 2001,
  type = "{Request for Comments}",
  number = 3174
}

@InProceedings{Fender:2006,
  author = {Fender, R.P. and others},
  booktitle = "{Proceedings of the VI Microquasar Workshop:
                Microquasars and Beyond}",
  title = "{The LOFAR Transients Key Project}",
  year = 2006,
  note = "PoS(MQW6)014"
}

@TechReport{Fuller:1993,
  author = {Fuller, V. and Li, T. and Yu, J. and Varadhan, K.},
  title = "{Classless Inter-Domain Routing (CIDR): an Address Assignment and
            Aggregation Strategy}",
  institution = "{Internet Engineering Task Force}",
  year = 1993,
  type = "{Request for Comments}",
  number = 1519
}

@TechReport{Gau:2012,
  author = {Gau, S. and others},
  title = "{W3C XML Schema Definition Language 1.1 Part 1: Structures}",
  year = 2012,
  institution = "{World Wide Web Consortium}",
  type = "{Recommendation}"
}

@Article{vanHaarlem:2013,
  author = {{van Haarlem}, M.~P. and others},
  title = "{LOFAR: The LOw-Frequency ARray}",
  journal = AAP,
  year = 2013,
  month = aug,
  volume = 556,
  pages = {A2},
}

@InProceedings{Hemminger:2005,
  author = {Hemminger, S.},
  title = "{Network Emulation with NetEm}",
  booktitle = "{Proceedings of linux.conf.au 2005}",
  year = 2005
}

@InProceedings{Kantor:2014,
  author = {Kantor, J.},
  title = "{Transient alerts in LSST}",
  booktitle = "{Proceedings of Hotwiring the Transient Universe 3}",
  year = 2014
}

@Article{Lee:2006,
  author = {Lee, E.~A.},
  title = {The Problem with Threads},
  journal = {IEEE Computer},
  year = {2006},
  month = {May},
  volume = 39,
  pages = {33--42}
}

@InProceedings{Matheson:2014,
  author = {Matheson, T.},
  title = "{ANTARES---Arizona-NOAO Temporal Analysis and Response to Events System}",
  booktitle = "{Proceedings of Hotwiring the Transient Universe 3}",
  year = 2014
}

@TechReport{Peterson:2012,
  author = {Peterson, D. and others},
  title = "{W3C XML Schema Definition Language 1.1 Part 2: Datatypes}",
  year = 2012,
  institution = "{World Wide Web Consortium}",
  type = "{Recommendation}"
}

@Manual{Kerrisk:2014,
  author = {Kerrisk, M. and others},
  title = "{Linux Programmer's Manual}",
  year = 2014,
  organization = "{The Linux man-pages project}",
  note = "version 3.61",
}

@Manual{Posix1:2013,
  author = "{IEEE} and {The Open Group}",
  title = "{POSIX.1-2008}",
  year = 2013
}

@TechReport{Rixon:2005,
  author = {Rixon, G.},
  title = "{Single-Sign-On Authentication for the IVO: introduction and
            description of principles, Version 1.00}",
  institution = "{International Virtual Observatory Alliance}",
  year = 2005,
  month = aug,
  type = "{Recommendation}"
}

@TechReport{Seaman:2006,
  author = {{Seaman}, R. and others},
  title = "Sky Event Reporting Metadata, Version 1.11",
  institution = "{International Virtual Observatory Alliance}",
  year = 2006,
  month = nov,
  type = "{Recommendation}"
}

@TechReport{Seaman:2011,
  author = {{Seaman}, R. and others},
  title = "Sky Event Reporting Metadata, Version 2.0",
  institution = "{International Virtual Observatory Alliance}",
  year = 2011,
  month = jul,
  type = "{Recommendation}"
}

@Article{Staley:2013,
  author = {Staley, T.~D. and Titterington, D.~J. and Fender, R.~P. and
            Swinbank, J.~D. and van~der~Horst, A.~J. and Rowlinson, A. and
            Scaife, A.~M.~M. and Grainge, K.~J.~B. and Pooley, G.~G.},
  title = "{Automated rapid follow-up of Swift gamma-ray burst alerts at 15\,GHz
            with the AMI Large Array}",
  journal = MNRAS,
  year = 2013,
  volume = {428},
  pages = {3114--3120},
}

@InProceedings{Swinbank:2014,
  author = {Swinbank, J.~D.},
  title = "{VOEvent: Were we are; where we're going}",
  booktitle = "{Proceedings of Hotwiring the Transient Universe 3}",
  year = 2014
}

@Article{Thornton:2013,
  author = {{Thornton}, D. and others},
  title = "{A Population of Fast Radio Bursts at Cosmological Distances}",
  journal = Sci,
  year = 2013,
  month = jul,
  volume = 341,
  pages = {53--56}
}

@InProceedings{Williams:2009,
  author = {{Williams}, R.~D. and {Djorgovski}, S.~G. and {Drake}, A.~J. and
            {Graham}, M.~J. and {Mahabal}, A.},
  title = "{Skyalert: Real-time Astronomy for You and Your Robots}",
  booktitle = {Astronomical Data Analysis Software and Systems XVIII},
  year = 2009,
  series = {Astronomical Society of the Pacific Conference Series},
  volume = 411,
  editor = {{Bohlender}, D.~A. and {Durand}, D. and {Dowler}, P.},
  month = sep,
  pages = {115--119},
}

@InProceedings{Williams:2012,
  author = {{Williams}, R.~D. and {Barthelmy}, S.~D. and {Denny}, R.~B. and
            {Graham}, M.~J. and {Swinbank}, J.},
  title = "{Responding to the Event Deluge}",
  year = 2012,
  series = SPIE,
  volume = 8448,
  month = sep,
}
